@article{denning1970virtual,
  title     = {Virtual memory},
  author    = {Denning, Peter J},
  journal   = {ACM Computing Surveys (CSUR)},
  volume    = {2},
  number    = {3},
  pages     = {153--189},
  year      = {1970},
  publisher = {ACM New York, NY, USA}
}

@manual{intelpage,
  author = {Intel},
  title  = {IntelÂ® 64 and IA-32 Architectures Software Developer's Manual: Volume 3},
  url    = {https://www.intel.com/content/www/us/en/architecture-and-technology/64-ia-32-architectures-software-developer-system-programming-manual-325384.html}
}

@online{tlb,
  title = {Virtual Memory -- Translation-Lookaside Buffer (TLB)},
  url   = {http://thebeardsage.com/virtual-memory-translation-lookaside-buffer-tlb/}
}
